rbjones@Rogers-MacBook.fritz.box.412