% rbj4.bib - Minimal bibliography for current draft
% Curated subset of entries from rbj5.bib, selected for project use
% Maintained in BibLaTeX format, with @string defs as required
% Updated by copying entries from rbj5.bib as needed

@string{ACH = "A.C.~Hayward"}
@string{AJH = "A.J.~Hammon"}
@string{AJM = "American Journal of Mathematics"}
@string{ANF = "Arrow Non-Fiction"}
@string{AJ = "R.D.~Arthan and R.B.~Jones"}
@string{AP = "Academic Press"}
@string{AU = "George Allen \& Unwin"}
@string{AUP = "Automatic Press"}
@string{AW = "Addison-Wesley"}
@string{BB = "Basil Blackwell"}
@string{BJH = "B.J. Homer"}
@string{BP = "Blackwell"}
@string{BPP = "Bloomsbury Publishing PLC"}
@string{BM = "R.S.~Boyer and J.S.~Moore"}
@string{CACM = "Communications of the ACM"}
@string{CAJ = "C.A. Jervis"}
@string{CB = "Canongate Books"}
@string{CCL = "Cahier du Centre de Logique"}
@string{CESG = "CESG"}
@string{CP = "Clarendon Press"}
@string{CSC = "Centre for Social Cohesion"}
@string{CUP = "Cambridge University Press"}
@string{DJK = "D.J. King"}
@string{DO = "Dover"}
@string{DK = "Duckworth"}
@string{DRA = "Defence Research Agency, Malvern"}
@string{DS = "ICL Secure Systems"}
@string{EM = "Everyman"}
@string{EB = "Encounter Books"}
@string{EUP = "Edinburgh University Press"}
@string{FM = "Fundamenta Mathematica"}
@string{FP = "Free Press"}
@string{GMP = "G.M. Prout"}
@string{GTS = "G.T. Scullard"}
@string{HEATH = "D.C. Heath \& Co."}
@string{HAR = "Harrap"}
@string{HC = "Harper Collins"}
@string{HOG = "Hogarth Press"}
@string{HPNY = "Humanties Press, New York"}
@string{HP = "Harper Perennial"}
@string{HR = "Harper and Row"}
@string{HU = "Hutchinson"}
@string{HUP = "Harvard University Press"}
@string{IRD = "Ivan R. Dee"}
@string{ISS = "ICL Secure Systems"}
@string{JAR = "Journal of Automated Reasoning"}
@string{JP = "The Journal of Philosophy"}
@string{JSL = "Journal of Symbolic Logic"}
@string{JW = "John Wiley \& Sons, Inc."}
@string{KB = "K. Blackburn"}
@string{KP = "Kegan and Paul"}
@string{L1 = "Lemma 1 Ltd."}
@string{L1URL = "{\tt \url{http://www.lemma-one.com}}"}
@string{LCL = "Loeb Classical Library"}
@string{LNCS = "Lecture Notes in Computer Science"}
@string{LNAI = "Lecture Notes in Artifical Intelligence"}
@string{LMS = "London Mathematical Society"}
@string{LONG = "Longman"}
@string{M = "Methuen"}
@string{MH = "McGraw-Hill Book Company"}
@string{MIND = "Mind"}
@string{MIT = "MIT Press"}
@string{ML = "Modern Library"}
@string{MM = "MacMillan"}
@string{MMU = "MacMillan USA"}
@string{NCF = "New Culture Forum"}
@string{NH = "North Holland"}
@string{OUP = "Oxford University Press"}
@string{OCP = "Open Court Publishing"}
@string{PAAS = "Proc. Amer. Acad. Arts and Sci."}
@string{PAS = "Procedings of the Aristotelian Society"}
@string{PB = "Penguin Books"}
@string{PC = "Penguin Classics"}
@string{PCPS = "Procedings of the Cambridge Philosophical Society"}
@string{PDS = "Perseus Distribution Services"}
@string{PH = "Prentice Hall"}
@string{PI = "Pimlico"}
@string{PHI = "Prentice Hall International"}
@string{PIP = "Pitchstone Publishing"}
@string{PLMS = "Procedings of the London Mathematical Society"}
@string{PMC = "Penguin Modern Classics"}
@string{PP = "Phoenix Press"}
@string{PPQ = "Pacific Philosophical Quarterly"}
@string{PR = "Philosophical Review"}
@string{PRB = "Profile Books"}
@string{PS = "Philosophical Studies"}
@string{PUP = "Princeton University Press"}
@string{PVSDC = "PVSpade.com"}
@string{RBJ = "{Roger Bishop} Jones"}
@string{RBJDC = "RBJones.com"}
@string{RBJEMAIL = "{\tt rbj@rbjones.com}"}
@string{RC = "Rudolf~Carnap"}
@string{RDA = "R.D.~Arthan"}
@string{RDAEMAIL = "{\tt rda@lemma-one.com}"}
@string{RIP = "Revue Internationale de Philosophie"}
@string{RKP = "Routledge Kegan and Paul"}
@string{ROU = "Routledge"}
@string{RP = "Reidel Publishing"}
@string{RS = "R.~Stokes"}
@string{RSRE = "MOD PE, RSRE"}
@string{SK = "K{\ouml}rner, Stephan"}
@string{SMP = "St. Martin{\q}s Press"}
@string{SV = "Springer Verlag"}
@string{TBA = "Author TBA"}
@string{TP = "Thoemmes Press"}
@string{TPC = "Text Publishing Company"}
@string{TPR = "The Philosophical Review"}
@string{UCAP = "University of California Press"}
@string{UCP = "University of Chicago Press"}
@string{UTUBE = "You Tube"}
@string{VP = "Viking Press"}
@string{WBC = "Wadworth and Brook/Cole"}
@string{WIN = "Winnersh"}
@string{WVQ = "W.V.~Quine"}

@book{aristotle-sr,
  author = {Aristotle},
  title = {On Sophistical Refutations. On Coming-to-be and Passing Away. On the Cosmos},
  year = {1938},
  publisher = {Harvard University Press},
  location = {Cambridge, MA},
  series = {Loeb Classical Library},
  volume = {400}
}
@book{aristotle-pa,
  author = {Aristotle},
  title = {Posterior Analytics. Topica},
  year = {1938},
  publisher = {Harvard University Press},
  location = {Cambridge, MA},
  series = {Loeb Classical Library},
  volume = {391}
}
@book{aristotle-ci,
  author = {Aristotle},
  title = {Categories. On Interpretation. Prior Analytics},
  year = {1938},
  publisher = {Harvard University Press},
  location = {Cambridge, MA},
  series = {Loeb Classical Library},
  volume = {325}
}
@book{bacon1620,
  author = {Bacon, Francis},
  title = {Novum Organum},
  year = {2017},
  origdate = {1620},
  publisher = {CreateSpace Independent Publishing Platform},
  isbn = {9781976312052}
}
@book{boole1847,
  author = {Boole, George},
  title = {The Mathematical Analysis of Logic: Being an Essay Towards a Calculus of Deductive Reasoning},
  year = {1847},
  publisher = {Macmillan, Barclay, and Macmillan},
  location = {Cambridge and London}
}
@book{carnap1937,
  author = {Carnap, Rudolf},
  title = {The Logical Syntax of Language},
  year = {1937},
  publisher = {Kegan and Paul},
  location = {London}
}

@incollection{carnap1963,
  author = {Carnap, Rudolf},
  title = {Intellectual Autobiography},
  booktitle = {The Philosophy of Rudolf Carnap},
  crossref = {schilpp1963}
}

@book{couturat1901,
  author = {Couturat, Louis},
  title = {La Logique de Leibniz: D'après des Documents Inédits},
  year = {1901},
  publisher = {Félix Alcan},
  location = {Paris},
  language = {French}
}
@book{demorgan1847,
  author = {De Morgan, Augustus},
  title = {Formal Logic: Or, The Calculus of Inference, Necessary and Probable},
  year = {1847},
  publisher = {Taylor and Walton},
  location = {London}
}
@book{dedekind1888,
  author = {Dedekind, Richard},
  title = {Was sind und was sollen die Zahlen?},
  year = {1888},
  publisher = {Vieweg},
  location = {Braunschweig},
  language = {German}
}
@book{dretske1981,
  author = {Dretske, Fred I.},
  title = {Knowledge and the Flow of Information},
  year = {1981},
  publisher = {MIT Press},
  location = {Cambridge, MA},
  isbn = {9780262040631}
}
@book{euclid1956,
  author = {Euclid},
  title = {The Elements},
  year = {1956},
  publisher = {Dover},
  location = {New York}
}
@book{ewald1996,
  editor = {Ewald, William B.},
  title = {From Kant to Hilbert: A Source Book in the Foundations of Mathematics},
  year = {1996},
  publisher = {Oxford University Press},
  location = {Oxford},
  volume = {II}
}
@article{fraenkel1922,
  author = {Fraenkel, Abraham A.},
  title = {Zu den Grundlagen der Mengenlehre},
  journal = {Mathematische Annalen},
  year = {1922},
  volume = {86},
  number = {3-4},
  pages = {230--237}
}
@book{frege1893,
  author = {Frege, Gottlob},
  title = {Grundgesetze der Arithmetik},
  year = {1893},
  volume = {1},
  publisher = {Hermann Pohle},
  location = {Jena},
  language = {German}
}
@book{gordon1993,
  author = {Gordon, Mike and Melham, Tom},
  title = {Introduction to HOL: A Theorem Proving Environment for Higher Order Logic},
  year = {1993},
  publisher = {Cambridge University Press},
  location = {Cambridge},
  isbn = {0521441897}
}
@book{hilbert1899,
  author = {Hilbert, David},
  title = {Foundations of Geometry},
  year = {1899},
  publisher = {Open Court Publishing},
  location = {La Salle, IL},
  translator = {Townsend, E. J.},
  origdate = {1899},
  origpublisher = {Teubner},
  origlocation = {Leipzig},
  language = {German}
}
@book{lenzen2018,
  author = {Lenzen, Wolfgang},
  title = {Leibniz and the Calculus Ratiocinator},
  year = {2018},
  publisher = {Springer},
  location = {Cham}
}
@article{mirimanoff1917,
  author = {Mirimanoff, Dmitri},
  title = {Les antinomies de Russell et de Burali-Forti et le problème fondamental de la théorie des ensembles},
  journal = {L’Enseignement Mathématique},
  year = {1917},
  volume = {19},
  pages = {37--52},
  language = {French}
}
@article{peckhaus2004,
  author = {Peckhaus, Volker},
  title = {Calculus Ratiocinator versus Characteristica Universalis? The Two Traditions in Logic, Revisited},
  journal = {History and Philosophy of Logic},
  year = {2004},
  volume = {25},
  number = {1},
  pages = {3--14}
}
@article{post1944,
  author = {Post, Emil L.},
  title = {Recursively Enumerable Sets of Positive Integers and Their Decision Problems},
  journal = {Bulletin of the American Mathematical Society},
  year = {1944},
  volume = {50},
  number = {5},
  pages = {284--316}
}
@book{russell1903,
  author = {Russell, Bertrand},
  title = {The Principles of Mathematics},
  year = {1903},
  publisher = {George Allen and Unwin},
  location = {London}
}
@incollection{russell1908,
  author = {Russell, Bertrand},
  title = {Mathematical Logic as Based on the Theory of Types},
  year = {1908},
  crossref = {vanheijenoort1967},
  booktitle = {From Frege to Gödel: A Source Book in Mathematical Logic, 1879--1931},
  pages = {150--182}
}
@book{schilpp1963,
  editor = {Schilpp, Paul},
  title = {The Philosophy of Rudolf Carnap},
  year = {1963},
  publisher = {Open Court Publishing},
  location = {La Salle, IL}
}
@article{skolem1923,
  author = {Skolem, Thoralf},
  title = {Einige Bemerkungen zur axiomatischen Begründung der Mengenlehre},
  journal = {Matematikerkongressen i Helsingfors den 4--7 Juli 1922. Den femte skandinaviska matematikerkongressen, Redogörelse},
  year = {1923},
  pages = {217--232},
  language = {Norwegian}
}
@book{vanheijenoort1967,
  editor = {Van Heijenoort, Jean},
  title = {From Frege to Gödel: A Source Book in Mathematical Logic, 1879--1931},
  year = {1967},
  publisher = {Harvard University Press},
  location = {Cambridge, MA}
}
@article{vonneumann1923,
  author = {von Neumann, John},
  title = {Zur Einführung der transfiniten Zahlen},
  journal = {Acta Litterarum ac Scientiarum Regiae Universitatis Hungaricae Francisco-Josephinae, Sectio Scientiarum Mathematicarum},
  year = {1923},
  volume = {1},
  pages = {199--208},
  language = {German}
}
@article{vonneumann1925,
  author = {von Neumann, John},
  title = {Eine Axiomatisierung der Mengenlehre},
  journal = {Journal für die reine und angewandte Mathematik},
  year = {1925},
  volume = {154},
  pages = {219--240},
  language = {German}
}
@book{whitehead1910,
  author = {Whitehead, Alfred North and Russell, Bertrand},
  title = {Principia Mathematica},
  year = {1910--1913},
  publisher = {Cambridge University Press},
  location = {Cambridge},
  volumes = {3}
}
@incollection{zermelo1908,
  author = {Zermelo, Ernst},
  title = {Investigations in the Foundations of Set Theory I},
  year = {1908},
  crossref = {vanheijenoort1967},
  booktitle = {From Frege to Gödel: A Source Book in Mathematical Logic, 1879--1931},
  pages = {199--215}
}
@article{zermelo1930,
  author = {Zermelo, Ernst},
  title = {Über Grenzzahlen und Mengenbereiche: Neue Untersuchungen über die Grundlagen der Mengenlehre},
  journal = {Fundamenta Mathematicae},
  year = {1930},
  volume = {16},
  pages = {29--47},
  language = {German}
}
@incollection{zermelo1930en,
  author = {Zermelo, Ernst},
  title = {On Boundary Numbers and Domains of Sets: New Investigations in the Foundations of Set Theory},
  crossref = {ewald1996},
  booktitle = {From Kant to Hilbert: A Source Book in the Foundations of Mathematics},
  pages = {1208--1233},
  language = {English}
}
